%%%%%%%%%%%%%%%%%%%%%%%%%%%%%%%%
%%%%  MÉTODOS DESCRIPTIVOS  %%%%
%%%%%%%%%%%%%%%%%%%%%%%%%%%%%%%%
@INPROCEEDINGS{gheissari2006person,
author={Gheissari, N. and Sebastian, T.B. and Hartley, R.},
booktitle={Computer Vision and Pattern Recognition, 2006 IEEE Computer Society Conference on},
title={Person Reidentification Using Spatiotemporal Appearance},
year={2006},
month={},
volume={2},
pages={1528-1535},
doi={10.1109/CVPR.2006.223},
ISSN={1063-6919}
}
@INPROCEEDINGS{wang2007shape,
author={Xiaogang Wang and Doretto, G. and Sebastian, T. and Rittscher, J. and Tu, P.},
booktitle={Computer Vision, 2007. ICCV 2007. IEEE 11th International Conference on},
title={Shape and Appearance Context Modeling},
year={2007},
month={Oct},
pages={1-8},
doi={10.1109/ICCV.2007.4409019},
ISSN={1550-5499}
}
@INPROCEEDINGS{farenzena2010person,
author={Farenzena, M. and Bazzani, L. and Perina, A. and Murino, V. and Cristani, M.},
booktitle={Computer Vision and Pattern Recognition (CVPR), 2010 IEEE Conference on},
title={Person re-identification by symmetry-driven accumulation of local features},
year={2010},
month={June},
pages={2360-2367},
doi={10.1109/CVPR.2010.5539926},
ISSN={1063-6919}
}

%%%%%%%%%%%%%%%%%%%%%%%%%%%%%%%%
%%%% MÉTODOS DISCRIMINANTES %%%%
%%%%%%%%%%%%%%%%%%%%%%%%%%%%%%%%
@incollection{gray2008viewpoint,
  title={Viewpoint invariant pedestrian recognition with an ensemble of localized features},
  author={Gray, Douglas and Tao, Hai},
  booktitle={Computer Vision--ECCV 2008},
  pages={262--275},
  year={2008},
  publisher={Springer}
}
@INPROCEEDINGS{bak2010person,
author={Bak, S. and Corvee, E. and Bremond, F. and Thonnat, M.},
booktitle={Advanced Video and Signal Based Surveillance (AVSS), 2010 Seventh IEEE International Conference on},
title={Person Re-identification Using Haar-based and DCD-based Signature},
year={2010},
month={Aug},
pages={1-8},
doi={10.1109/AVSS.2010.68}
}
%%REVISAR
@incollection{lin2008learning,
title={Learning Pairwise Dissimilarity Profiles for Appearance Recognition in Visual Surveillance},
year={2008},
isbn={978-3-540-89638-8},
booktitle={Advances in Visual Computing},
volume={5358},
series={Lecture Notes in Computer Science},
url={http://dx.doi.org/10.1007/978-3-540-89639-5_3},
publisher={Springer Berlin Heidelberg},
author={Lin, Zhe and Davis, LarryS.},
pages={23-34}
}

@inproceedings{prosserxiang2008multi,
  author={Prosser, Bryan and Gong, Shaogang and Xiang, Tao},
  title={Multi-camera Matching using Bi-Directional Cumulative Brightness Transfer Functions.},
  booktitle={BMVC},
  volume={8},
  pages={164--1},
  year={2008}
}

@inproceedings{prosser2010person,
  title={Person Re-Identification by Support Vector Ranking.},
  author={Prosser, Bryan and Zheng, Wei-Shi and Gong, Shaogang and Xiang, Tao and Mary, Q},
  booktitle={BMVC},
  volume={2},
  number={5},
  pages={6},
  year={2010}
}

@incollection{hirzer2011person,
title={Person Re-identification by Descriptive and Discriminative Classification},
year={2011},
isbn={978-3-642-21226-0},
booktitle={Image Analysis},
volume={6688},
series={Lecture Notes in Computer Science},
doi={10.1007/978-3-642-21227-7_9},
url={http://dx.doi.org/10.1007/978-3-642-21227-7_9},
publisher={Springer Berlin Heidelberg},
author={Hirzer, Martin and Beleznai, Csaba and Roth, PeterM. and Bischof, Horst},
pages={91-102}
}

@inproceedings{dalal2005histograms,
  title={Histograms of oriented gradients for human detection},
  author={Dalal, Navneet and Triggs, Bill},
  booktitle={Computer Vision and Pattern Recognition, 2005. CVPR 2005. IEEE Computer Society Conference on},
  volume={1},
  pages={886--893},
  year={2005},
  organization={IEEE}
}

@inproceedings{oliveira2009people,
  title={People reidentification in a camera network},
  author={de Oliveira, Icaro Oliveira and de Souza Pio, Jos{\'e} Luiz},
  booktitle={Dependable, Autonomic and Secure Computing, 2009. DASC'09. Eighth IEEE International Conference on},
  pages={461--466},
  year={2009},
  organization={IEEE}
}

@article{javed2008modeling,
  title={Modeling inter-camera space--time and appearance relationships for tracking across non-overlapping views},
  author={Javed, Omar and Shafique, Khurram and Rasheed, Zeeshan and Shah, Mubarak},
  journal={Computer Vision and Image Understanding},
  volume={109},
  number={2},
  pages={146--162},
  year={2008},
  publisher={Elsevier}
}

@inproceedings{berdugo2010object,
  title={Object reidentification in real world scenarios across multiple non-overlapping cameras},
  author={Berdugo, Guy and Soceanu, Omri and Moshe, Yair and Rudoy, Dmitry and Dvir, Itsik},
  booktitle={Proc. Euro. Sig. Proc. Conf},
  pages={1806--1810},
  year={2010}
}

