%%%%%%%%%%%%%
%%%% DML %%%%
%%%%%%%%%%%%%

%%%%%%%%%%%%%
% TRIPLETAS %
%%%%%%%%%%%%%
@article{zheng2013reidentification,
  title={Reidentification by relative distance comparison},
  author={Zheng, Wei-Shi and Gong, Shaogang and Xiang, Tao},
  journal={Pattern Analysis and Machine Intelligence, IEEE Transactions on},
  volume={35},
  number={3},
  pages={653--668},
  year={2013},
  publisher={IEEE}
}
@inproceedings{zheng2011person,
  title={Person re-identification by probabilistic relative distance comparison},
  author={Zheng, Wei-Shi and Gong, Shaogang and Xiang, Tao},
  booktitle={Computer Vision and Pattern Recognition (CVPR), 2011 IEEE Conference on},
  pages={649--656},
  year={2011},
  organization={IEEE}
}
@article{schultz2004learning,
  title={Learning a distance metric from relative comparisons},
  author={Schultz, Matthew and Joachims, Thorsten},
  journal={Advances in neural information processing systems (NIPS)},
  pages={41},
  year={2004}
}

%%%%%%%%
% LMNN %
%%%%%%%%
@incollection{hirzer2012relaxed,
title={Relaxed Pairwise Learned Metric for Person Re-identification},
year=2012,
isbn={978-3-642-33782-6},
booktitle={Computer Vision – ECCV 2012},
volume=7577,
series={Lecture Notes in Computer Science},
editor={Fitzgibbon, Andrew and Lazebnik, Svetlana and Perona, Pietro and Sato, Yoichi and Schmid, Cordelia},
doi={10.1007/978-3-642-33783-3_56},
url={http://dx.doi.org/10.1007/978-3-642-33783-3_56},
publisher={Springer Berlin Heidelberg},
author={Hirzer, Martin and Roth, PeterM. and Köstinger, Martin and Bischof, Horst},
pages={780-793},
language={English}
}

@INPROCEEDINGS{hirzer2012person,
title={Person Re-identification by Efficient Impostor-Based Metric Learning},
author={Hirzer, M. and Roth, P.M. and Bischof, H.},
booktitle={Advanced Video and Signal-Based Surveillance (AVSS), 2012 IEEE Ninth International Conference on},
year={2012},
month={Sept},
pages={203-208},
doi={10.1109/AVSS.2012.55}
}

@incollection{dikmen2011pedestrian,
  title={Pedestrian recognition with a learned metric},
  author={Dikmen, Mert and Akbas, Emre and Huang, Thomas S and Ahuja, Narendra},
  booktitle={Computer Vision--ACCV 2010},
  pages={501--512},
  year={2011},
  publisher={Springer}
}

@inproceedings{weinberger2005dml,
  title={Distance metric learning for large margin nearest neighbor classification},
  author={Weinberger, Kilian Q and Blitzer, John and Saul, Lawrence K},
  booktitle={Advances in neural information processing systems},
  pages={1473--1480},
  year={2005}
}

@inproceedings{weinberger2008fast,
  title={Fast solvers and efficient implementations for distance metric learning},
  author={Weinberger, Kilian Q and Saul, Lawrence K},
  booktitle={Proceedings of the 25th international conference on Machine learning},
  pages={1160--1167},
  year={2008},
  organization={ACM}
}

@article{weinberger2009dml,
 author = {Weinberger, Kilian Q. and Saul, Lawrence K.},
 title = {Distance Metric Learning for Large Margin Nearest Neighbor Classification},
 journal = {J. Mach. Learn. Res.},
 issue_date = {12/1/2009},
 volume = {10},
 month = jun,
 year = {2009},
 issn = {1532-4435},
 pages = {207--244},
 numpages = {38},
 url = {http://dl.acm.org/citation.cfm?id=1577069.1577078},
 acmid = {1577078},
 publisher = {JMLR.org}
} 

%% MCC
@incollection{globerson2006metric,
title = {Metric Learning by Collapsing Classes},
author = {Amir Globerson and Sam T. Roweis},
booktitle = {Advances in Neural Information Processing Systems 18},
editor = {Y. Weiss and B. Sch\"{o}lkopf and J.C. Platt},
pages = {451--458},
year = {2006},
publisher = {MIT Press},
url = {http://papers.nips.cc/paper/2947-metric-learning-by-collapsing-classes.pdf}
}

%% idea original dml por pares - Convex Optimization Problem
@incollection{xing2003dml,
title = {Distance Metric Learning with Application to Clustering with Side-Information},
author = {Eric P. Xing and Michael I. Jordan and Russell, Stuart J and Andrew Y. Ng},
booktitle = {Advances in Neural Information Processing Systems 15},
editor = {S. Becker and S. Thrun and K. Obermayer},
pages = {521--528},
year = {2003},
publisher = {MIT Press},
url = {http://papers.nips.cc/paper/2164-distance-metric-learning-with-application-to-clustering-with-side-information.pdf}
}
%%%%%%%%%%%%%%%%%%%%%%%%%%%%%%
%%%% FUNDAMENTOS TEORICOS %%%%
%%%%%%%%%%%%%%%%%%%%%%%%%%%%%%

@article{mahalanobis1936,
author="MAHALANOBIS, P. C.",
title="On the generalized distance in statistics",
journal="Proceedings of the National Institute of Sciences (Calcutta)",
publisher="",
year="1936",
month="",
volume="2",
number="",
pages="49-55",
URL="http://ci.nii.ac.jp/naid/10004710165/en/",
DOI=""
}

@article{boyd2004convex,
  title={Convex programming},
  author={Boyd, S and Vandenberghe, L},
  journal={Cambridge University Press, Cambridge, UK, ISBN 0},
  volume={521},
  number={83378},
  pages={7},
  year={2004}
}