%Background modeling - MOG
@article{bouwmans2008background,
  title={Background modeling using mixture of gaussians for foreground detection-a survey},
  author={Bouwmans, Thierry and El Baf, Fida and Vachon, Bertrand},
  journal={Recent Patents on Computer Science},
  volume={1},
  number={3},
  pages={219--237},
  year={2008},
  publisher={Bentham Science Publishers}
}

%HOG - people detecction por SVM
@inproceedings{dalal2005histograms,
  title={Histograms of oriented gradients for human detection},
  author={Dalal, Navneet and Triggs, Bill},
  booktitle={Computer Vision and Pattern Recognition, 2005. CVPR 2005. IEEE Computer Society Conference on},
  volume={1},
  pages={886--893},
  year={2005},
  organization={IEEE}
}

%edge detection algorithms
@article{canny1986computational,
  title={A computational approach to edge detection},
  author={Canny, John},
  journal={Pattern Analysis and Machine Intelligence, IEEE Transactions on},
  number={6},
  pages={679--698},
  year={1986},
  publisher={IEEE}
}


%autor surf
@incollection{bay2006surf,
  title={Surf: Speeded up robust features},
  author={Bay, Herbert and Tuytelaars, Tinne and Van Gool, Luc},
  booktitle={Computer vision--ECCV 2006},
  pages={404--417},
  year={2006},
  publisher={Springer}
}

%AUTOR SIFT
@inproceedings{lowe1999object,
  title={Object recognition from local scale-invariant features},
  author={Lowe, David G},
  booktitle={Computer vision, 1999. The proceedings of the seventh IEEE international conference on},
  volume={2},
  pages={1150--1157},
  year={1999},
  organization={Ieee}
}

%uso de sift para re-id personas
@INPROCEEDINGS{hu2008people,
author={Lei Hu and Shuqiang Jiang and Qingming Huang and Wen Gao},
booktitle={Image Processing, 2008. ICIP 2008. 15th IEEE International Conference on},
title={People re-detection using Adaboost with sift and color correlogram},
year={2008},
pages={1348-1351},
keywords={image colour analysis;image sequences;learning (artificial intelligence);object detection;video surveillance;Adaboost;binary classification;color correlogram;people redetection;people reidentification;sift correlogram;video sequence;visual sequence;Cameras;Color;Computers;Data mining;Histograms;Information processing;Joining processes;Layout;Surveillance;Video sequences;Adaboost;Color Autocorrelogram;SIFT;people re-detection},
doi={10.1109/ICIP.2008.4712013},
ISSN={1522-4880},
month={Oct},} 

%etiquetado vistas sobrepuestas
@article{khan2003consistent,
author={Khan, S. and Shah, M.},
journal={Pattern Analysis and Machine Intelligence, IEEE Transactions on},
title={Consistent labeling of tracked objects in multiple cameras with overlapping fields of view},
year={2003},
volume={25},
number={10},
pages={1355-1360},
doi={10.1109/TPAMI.2003.1233912},
ISSN={0162-8828},
month={Oct},}
@article{calderara2008hecol,
title = "HECOL: Homography and epipolar-based consistent labeling for outdoor park surveillance ",
journal = "Computer Vision and Image Understanding ",
volume = "111",
number = "1",
pages = "21 - 42",
year = "2008",
note = "Special Issue on Intelligent Visual Surveillance (IEEE) ",
issn = "1077-3142",
doi = "http://dx.doi.org/10.1016/j.cviu.2007.07.006",
url = "http://www.sciencedirect.com/science/article/pii/S107731420800012X",
author = "Simone Calderara and Andrea Prati and Rita Cucchiara",
}

%deficion textura
@book{stockman2001computervision,
 author = {Stockman, George and Shapiro, Linda G.},
 title = {Computer Vision},
 year = {2001},
 isbn = {0130307963},
 edition = {1st},
 publisher = {Prentice Hall PTR},
 address = {Upper Saddle River, NJ, USA},
}

