%mini survey
@article{mazzon2012person,
  title={Person re-identification in crowd},
  author={Mazzon, Riccardo and Tahir, Syed Fahad and Cavallaro, Andrea},
  journal={Pattern Recognition Letters},
  volume={33},
  number={14},
  pages={1828--1837},
  year={2012},
  publisher={Elsevier}
}

@inproceedings{hamdoun2008person,
  title={Person re-identification in multi-camera system by signature based on interest point descriptors collected on short video sequences},
  author={Hamdoun, Omar and Moutarde, Fabien and Stanciulescu, Bogdan and Steux, Bruno},
  booktitle={Distributed Smart Cameras, 2008. ICDSC 2008. Second ACM/IEEE International Conference on},
  pages={1--6},
  year={2008},
  organization={IEEE}
}

@inproceedings{bauml2010multi,
  title={Multi-pose face recognition for person retrieval in camera networks},
  author={Bauml, Martin and Bernardin, Keni and Fischer, Mika and Ekenel, Hazim Kemal and Stiefelhagen, Rainer},
  booktitle={Advanced Video and Signal Based Surveillance (AVSS), 2010 Seventh IEEE International Conference on},
  pages={441--447},
  year={2010},
  organization={IEEE}
}

@article{teixeira2009video,
  title={Video object matching across multiple independent views using local descriptors and adaptive learning},
  author={Teixeira, Luis F and Corte-Real, Luis},
  journal={Pattern Recognition Letters},
  volume={30},
  number={2},
  pages={157--167},
  year={2009},
  publisher={Elsevier}
}

@incollection{kuo2010inter,
  title={Inter-camera association of multi-target tracks by on-line learned appearance affinity models},
  author={Kuo, Cheng-Hao and Huang, Chang and Nevatia, Ram},
  booktitle={Computer Vision--ECCV 2010},
  pages={383--396},
  year={2010},
  publisher={Springer}
}
